



@article{schwenker2001three,
  title={Three learning phases for radial-basis-function networks},
  author={Schwenker, Friedhelm and Kestler, Hans A and Palm, G{\"u}nther},
  journal={Neural networks},
  volume={14},
  number={4-5},
  pages={439--458},
  year={2001},
  publisher={Elsevier}
}